@online{evan2007,
	ALTauthor = {Evan Kaplan},
	ALTeditor = {Evan Kaplan},
	title = {How Fast Is Falling Rain?},
	date = {2017},
	url = {https://www.wired.com/2011/08/how-fast-is-falling-rain/?+wired%252Findex+%2528Wired%253A+Index+3+%2528Top+Stories+2%2529%2529&utm_content=Google+Feedfetcher},
	OPTsubtitle = {subtitle},
	OPTtitleaddon = {titleaddon},
	OPTlanguage = {language},
	OPTversion = {version},
	OPTnote = {note},
	OPTorganization = {organization},
	OPTdate = {date},
	OPTmonth = {month},
	OPTyear = {year},
	OPTaddendum = {addendum},
	OPTpubstate = {pubstate},
	OPTurldate = {urldate},
}
